@misc{ hexagonal-architecture,
       author = "Alistair Cockburn",
       title = "Hexagonal architecture",
       year = "2005",
       url = "https://alistair.cockburn.us/hexagonal-architecture/",
       note = "[Internet; consultado 14-octubre-2022]"
}

@misc{ agile-glossary,
       author = "Algile Alliance",
       title = "Agile Glossary",
       url = "https://www.agilealliance.org/agile101/agile-glossary/",
       note = "[Internet; consultado 14-octubre-2022]"
}

@article{tejado2018,
author = {Tejado, Inés and Hernández, Emiliano and González, Isaías and Merchán, Pilar and Vinagre, Blas},
year = {2018},
month = {04},
pages = {55-63},
title = {Introducing Automatic Evaluation in Virtual Laboratories for Control Engineering at University of Extremadura. First Steps},
volume = {12},
journal = {International Journal of Mathematics and Computers in Simulation}
}

@article{sánchez2009,
author = {Sánchez, Pilar and Garnacho, Ángel and Dacosta, Jacinto and Mandado, Enrique},
year = {2009},
month = {01},
pages = {53-62},
title = {El Aprendizaje Activo Mediante la Autoevaluación Utilizando un Laboratorio Virtual.},
volume = {4},
journal = {IEEE-RITA}
}

@article{bourne2019,
author = {Bourne, John and Harris, Dale and Mayadas, Frank},
year = {2019},
month = {03},
pages = {},
title = {ONLINE ENGINEERING EDUCATION: LEARNING ANYWHERE, ANYTIME},
volume = {9},
journal = {Online Learning},
doi = {10.24059/olj.v9i1.1800}
}

@misc{ sonarqube-github-integration,
       title = "SonarQube's integration with GitHub",
       url = "https://docs.sonarqube.org/latest/analysis/github-integration/",
       note = "[Internet; consultado 17-octubre-2022]"
}

@misc{ github-actions-maven,
       title = "Building and testing Java with Maven",
       url = "https://docs.github.com/en/actions/automating-builds-and-tests/building-and-testing-java-with-maven,
       note = "[Internet; consultado 16-octubre-2022]"
}

@misc{ wiki:control-versiones,
       author = "Wikipedia",
       title = "Control de versiones --- Wikipedia{,} La enciclopedia libre",
       year = "2022",
       url = "https://es.wikipedia.org/wiki/Control_de_versiones",
       note = "[Internet; descargado 25-octubre-2022]"
}